@article{Girshick2014RichFH,
  title={Rich Feature Hierarchies for Accurate Object Detection and Semantic Segmentation},
  author={Ross B. Girshick and Jeff Donahue and Trevor Darrell and Jitendra Malik},
  journal={2014 IEEE Conference on Computer Vision and Pattern Recognition},
  year={2014},
  pages={580-587}
}
@article{Gao2021LearningTD,
  title={Learning to Discover Multi-Class Attentional Regions for Multi-Label Image Recognition},
  author={Bin-Bin Gao and Hong-Yu Zhou},
  journal={IEEE Transactions on Image Processing},
  year={2021},
  volume={30},
  pages={5920-5932}
}
@article{Wang2017MultilabelIR,
  title={Multi-label Image Recognition by Recurrently Discovering Attentional Regions},
  author={Zhouxia Wang and Tianshui Chen and Guanbin Li and Ruijia Xu and Liang Lin},
  journal={2017 IEEE International Conference on Computer Vision (ICCV)},
  year={2017},
  pages={464-472}
}
@article{Yuan2022GraphAT,
  title={Graph Attention Transformer Network for Multi-Label Image Classification},
  author={Jin Yuan and Shikai Chen and Yao Zhang and Zhongchao Shi and Xin Geng and Jianping Fan and Yong Rui},
  journal={ArXiv},
  year={2022},
  volume={abs/2203.04049}
}
@misc{resAttn,
  doi = {10.48550/ARXIV.2108.02456},
  url = {https://arxiv.org/abs/2108.02456},
  author = {Zhu, Ke and Wu, Jianxin},
  keywords = {Computer Vision and Pattern Recognition (cs.CV), FOS: Computer and information sciences, FOS: Computer and information sciences},
  title = {Residual Attention: A Simple but Effective Method for Multi-Label Recognition},
  publisher = {arXiv},
  year = {2021},
  copyright = {arXiv.org perpetual, non-exclusive license}
}
@Article{he2019moco,
  author  = {Kaiming He and Haoqi Fan and Yuxin Wu and Saining Xie and Ross Girshick},
  title   = {Momentum Contrast for Unsupervised Visual Representation Learning},
  journal = {arXiv preprint arXiv:1911.05722},
  year    = {2019},
}
@article{chen2020simple,
  title={A Simple Framework for Contrastive Learning of Visual Representations},
  author={Chen, Ting and Kornblith, Simon and Norouzi, Mohammad and Hinton, Geoffrey},
  journal={arXiv preprint arXiv:2002.05709},
  year={2020}
}
@inproceedings{NEURIPS2020_d89a66c7,
 author = {Khosla, Prannay and Teterwak, Piotr and Wang, Chen and Sarna, Aaron and Tian, Yonglong and Isola, Phillip and Maschinot, Aaron and Liu, Ce and Krishnan, Dilip},
 booktitle = {Advances in Neural Information Processing Systems},
 editor = {H. Larochelle and M. Ranzato and R. Hadsell and M.F. Balcan and H. Lin},
 pages = {18661--18673},
 publisher = {Curran Associates, Inc.},
 title = {Supervised Contrastive Learning},
 url = {https://proceedings.neurips.cc/paper/2020/file/d89a66c7c80a29b1bdbab0f2a1a94af8-Paper.pdf},
 volume = {33},
 year = {2020}
}

@article{He2016DeepRL,
  title={Deep Residual Learning for Image Recognition},
  author={Kaiming He and X. Zhang and Shaoqing Ren and Jian Sun},
  journal={2016 IEEE Conference on Computer Vision and Pattern Recognition (CVPR)},
  year={2016},
  pages={770-778}
}
@article{Krishna2016VisualGC,
  title={Visual Genome: Connecting Language and Vision Using Crowdsourced Dense Image Annotations},
  author={Ranjay Krishna and Yuke Zhu and Oliver Groth and Justin Johnson and Kenji Hata and Joshua Kravitz and Stephanie Chen and Yannis Kalantidis and Li-Jia Li and David A. Shamma and Michael S. Bernstein and Li Fei-Fei},
  journal={International Journal of Computer Vision},
  year={2016},
  volume={123},
  pages={32-73}
}
@inproceedings{Chua2009NUSWIDEAR,
  title={NUS-WIDE: a real-world web image database from National University of Singapore},
  author={Tat-Seng Chua and Jinhui Tang and Richang Hong and Haojie Li and Zhiping Luo and Yantao Zheng},
  booktitle={CIVR '09},
  year={2009}
}
@inproceedings{Lin2014MicrosoftCC,
  title={Microsoft COCO: Common Objects in Context},
  author={Tsung-Yi Lin and Michael Maire and Serge J. Belongie and James Hays and Pietro Perona and Deva Ramanan and Piotr Doll{\'a}r and C. Lawrence Zitnick},
  booktitle={ECCV},
  year={2014}
}
@article{Everingham2014ThePV,
  title={The Pascal Visual Object Classes Challenge: A Retrospective},
  author={Mark Everingham and S. M. Ali Eslami and Luc Van Gool and Christopher K. I. Williams and John M. Winn and Andrew Zisserman},
  journal={International Journal of Computer Vision},
  year={2014},
  volume={111},
  pages={98-136}
}
@article{Chen2019MultiLabelIR,
  title={Multi-Label Image Recognition With Graph Convolutional Networks},
  author={Zhao-Min Chen and Xiu-Shen Wei and Peng Wang and Yanwen Guo},
  journal={2019 IEEE/CVF Conference on Computer Vision and Pattern Recognition (CVPR)},
  year={2019},
  pages={5172-5181}
}
@article{Baruch2021AsymmetricLF,
  title={Asymmetric Loss For Multi-Label Classification},
  author={Emanuel Ben Baruch and T. Ridnik and Nadav Zamir and Asaf Noy and Itamar Friedman and Matan Protter and Lihi Zelnik-Manor},
  journal={2021 IEEE/CVF International Conference on Computer Vision (ICCV)},
  year={2021},
  pages={82-91}
}
@article{Wen2021SphereFace2BC,
  title={SphereFace2: Binary Classification is All You Need for Deep Face Recognition},
  author={Yandong Wen and Weiyang Liu and Adrian Weller and Bhiksha Raj and Rita Singh},
  journal={ArXiv},
  year={2021},
  volume={abs/2108.01513}
}
@article{Liu2021Query2LabelAS,
  title={Query2Label: A Simple Transformer Way to Multi-Label Classification},
  author={Shilong Liu and Lei Zhang and Xiao Yang and Hang Su and Jun Zhu},
  journal={ArXiv},
  year={2021},
  volume={abs/2107.10834}
}
@misc{ridnik2021mldecoder,
      title={ML-Decoder: Scalable and Versatile Classification Head},
      author={Tal Ridnik and Gilad Sharir and Avi Ben-Cohen and Emanuel Ben-Baruch and Asaf Noy},
      year={2021},
      eprint={2111.12933},
      archivePrefix={arXiv},
      primaryClass={cs.CV}
}
@incollection{alexnet,
title = {ImageNet Classification with Deep Convolutional Neural Networks},
author = {Alex Krizhevsky and Sutskever, Ilya and Hinton, Geoffrey E},
booktitle = {Advances in Neural Information Processing Systems 25},
editor = {F. Pereira and C. J. C. Burges and L. Bottou and K. Q. Weinberger},
pages = {1097--1105},
year = {2012},
publisher = {Curran Associates, Inc.},
url = {http://papers.nips.cc/paper/4824-imagenet-classification-with-deep-convolutional-neural-networks.pdf}
}
@InProceedings{parkhi12a,
  author       = "Omkar M. Parkhi and Andrea Vedaldi and Andrew Zisserman and C. V. Jawahar",
  title        = "Cats and Dogs",
  booktitle    = "IEEE Conference on Computer Vision and Pattern Recognition",
  year         = "2012",
}
@InProceedings{cimpoi14describing,
    Author    = {M. Cimpoi and S. Maji and I. Kokkinos and S. Mohamed and and A. Vedaldi},
    Title     = {Describing Textures in the Wild},
    Booktitle = {Proceedings of the {IEEE} Conf. on Computer Vision and Pattern Recognition ({CVPR})},
    Year      = {2014}
}
@InProceedings{Nilsback08,
  author       = "Maria-Elena Nilsback and Andrew Zisserman",
  title        = "Automated Flower Classification over a Large Number of Classes",
  booktitle    = "Indian Conference on Computer Vision, Graphics and Image Processing",
  month        = "Dec",
  year         = "2008",
}
@article{FeiFei2004LearningGV,
  title={Learning Generative Visual Models from Few Training Examples: An Incremental Bayesian Approach Tested on 101 Object Categories},
  author={Li Fei-Fei and R. Fergus and P. Perona},
  journal={2004 Conference on Computer Vision and Pattern Recognition Workshop},
  year={2004},
  pages={178-178}
}
@inproceedings{KrauseStarkDengFei-Fei_3DRR2013,
  title = {3D Object Representations for Fine-Grained Categorization},
  booktitle = {4th International IEEE Workshop on  3D Representation and Recognition (3dRR-13)},
  year = {2013},
  address = {Sydney, Australia},
  author = {Jonathan Krause and Michael Stark and Jia Deng and Li Fei-Fei}
}
@INPROCEEDINGS{birdsnap,
  author={Berg, Thomas and Liu, Jiongxin and Lee, Seung Woo and Alexander, Michelle L. and Jacobs, David W. and Belhumeur, Peter N.},
  booktitle={2014 IEEE Conference on Computer Vision and Pattern Recognition},
  title={Birdsnap: Large-Scale Fine-Grained Visual Categorization of Birds},
  year={2014},
  volume={},
  number={},
  pages={2019-2026},
  doi={10.1109/CVPR.2014.259}}
@inproceedings{Krizhevsky2009LearningML,
  title={Learning Multiple Layers of Features from Tiny Images},
  author={A. Krizhevsky},
  year={2009}
}
@online{fashionmnist,
  author       = {Han Xiao and Kashif Rasul and Roland Vollgraf},
  title        = {Fashion-MNIST: a Novel Image Dataset for Benchmarking Machine Learning Algorithms},
  date         = {2017-08-28},
  year         = {2017},
  eprintclass  = {cs.LG},
  eprinttype   = {arXiv},
  eprint       = {cs.LG/1708.07747},
}
@inproceedings{Netzer2011ReadingDI,
  title={Reading Digits in Natural Images with Unsupervised Feature Learning},
  author={Yuval Netzer and T. Wang and A. Coates and A. Bissacco and B. Wu and A. Ng},
  year={2011}
}
@inproceedings{bossard14,
  title = {Food-101 -- Mining Discriminative Components with Random Forests},
  author = {Bossard, Lukas and Guillaumin, Matthieu and Van Gool, Luc},
  booktitle = {European Conference on Computer Vision},
  year = {2014}
}
@article{Xiao2010SUNDL,
  title={SUN database: Large-scale scene recognition from abbey to zoo},
  author={Jian-xiong Xiao and James Hays and Krista A. Ehinger and A. Oliva and A. Torralba},
  journal={2010 IEEE Computer Society Conference on Computer Vision and Pattern Recognition},
  year={2010},
  pages={3485-3492}
}
@misc{zhai2021scaling,
      title={Scaling Vision Transformers},
      author={Xiaohua Zhai and Alexander Kolesnikov and Neil Houlsby and Lucas Beyer},
      year={2021},
      eprint={2106.04560},
      archivePrefix={arXiv},
      primaryClass={cs.CV}
}
@inproceedings{imagenet_cvpr09,
        AUTHOR = {Deng, J. and Dong, W. and Socher, R. and Li, L.-J. and Li, K. and Fei-Fei, L.},
        TITLE = {{ImageNet: A Large-Scale Hierarchical Image Database}},
        BOOKTITLE = {CVPR09},
        YEAR = {2009},
        BIBSOURCE = "http://www.image-net.org/papers/imagenet_cvpr09.bib"}
@inproceedings{optuna_2019,
    title={Optuna: A Next-generation Hyperparameter Optimization Framework},
    author={Akiba, Takuya and Sano, Shotaro and Yanase, Toshihiko and Ohta, Takeru and Koyama, Masanori},
    booktitle={Proceedings of the 25rd {ACM} {SIGKDD} International Conference on Knowledge Discovery and Data Mining},
    year={2019}
}
@article{Howard2019SearchingFM,
  title={Searching for MobileNetV3},
  author={Andrew G. Howard and M. Sandler and Grace Chu and Liang-Chieh Chen and B. Chen and Mingxing Tan and Weijun Wang and Yukun Zhu and Ruoming Pang and Vijay Vasudevan and Quoc V. Le and Hartwig Adam},
  journal={2019 IEEE/CVF International Conference on Computer Vision (ICCV)},
  year={2019},
  pages={1314-1324}
}
@article{Tan2019EfficientNetRM,
  title={EfficientNet: Rethinking Model Scaling for Convolutional Neural Networks},
  author={Mingxing Tan and Quoc V. Le},
  journal={ArXiv},
  year={2019},
  volume={abs/1905.11946}
}
@article{liaw2018tune,
    title={Tune: A Research Platform for Distributed Model Selection and Training},
    author={Liaw, Richard and Liang, Eric and Nishihara, Robert and
            Moritz, Philipp and Gonzalez, Joseph E and Stoica, Ion},
    journal={arXiv preprint arXiv:1807.05118},
    year={2018}
}
@article{Mukherjee2019ASD,
  title={A Simple Dynamic Learning Rate Tuning Algorithm For Automated Training of DNNs},
  author={K. Mukherjee and Alind Khare and A. Verma},
  journal={ArXiv},
  year={2019},
  volume={abs/1910.11605}
}
@online{fastai_lr,
    title = "fast.ai: Learning Rate Finder",
    url  = "https://fastai1.fast.ai/callbacks.lr_finder.html#Learning-Rate-Finder",
    addendum = "(accessed: 18.06.2021)",
}
@online{reduceonplateau,
    title = "pytorch: ReduceLROnPlateau scheduler",
    url  = "https://pytorch.org/docs/stable/generated/torch.optim.lr_scheduler.ReduceLROnPlateau.html#torch.optim.lr_scheduler.ReduceLROnPlateau",
    addendum = "(accessed: 06.08.2021)",
}
@article{Zhang2017UnderstandingDL,
  title={Understanding deep learning requires rethinking generalization},
  author={C. Zhang and S. Bengio and Moritz Hardt and B. Recht and Oriol Vinyals},
  journal={ArXiv},
  year={2017},
  volume={abs/1611.03530}
}
@article{early_stop,
author = {Prechelt, Lutz},
year = {2000},
month = {03},
pages = {},
title = {Early Stopping - But When?},
isbn = {978-3-540-65311-0},
}
@inproceedings{Smith2019SuperconvergenceVF,
  title={Super-convergence: very fast training of neural networks using large learning rates},
  author={Leslie N. Smith and Nicholay Topin},
  booktitle={Defense + Commercial Sensing},
  year={2019}
}
@article{Harris2020FMixEM,
  title={FMix: Enhancing Mixed Sample Data Augmentation},
  author={Ethan Harris and A. Marcu and Matthew Painter and M. Niranjan and A. Pr{\"u}gel-Bennett and Jonathon S. Hare},
  journal={arXiv: Learning},
  year={2020}
}

@inproceedings{zhang2019adacos,
  title={Adacos: Adaptively scaling cosine logits for effectively learning deep face representations},
  author={Zhang, Xiao and Zhao, Rui and Qiao, Yu and Wang, Xiaogang and Li, Hongsheng},
  booktitle={Proceedings of the IEEE/CVF Conference on Computer Vision and Pattern Recognition},
  pages={10823--10832},
  year={2019}
}

@article{AMSoftmax,
author = {Deng, Jiankang and Guo, Jia and Zafeiriou, Stefanos},
year = {2018},
journal={ArXiv},
title = {ArcFace: Additive Angular Margin Loss for Deep Face Recognition}
}

@article{Naveed2021SurveyIM,
  title={Survey: Image Mixing and Deleting for Data Augmentation},
  author={Humza Naveed},
  journal={ArXiv},
  year={2021},
  volume={abs/2106.07085}
}
@article{hendrycks2020augmix,
  title={{AugMix}: A Simple Data Processing Method to Improve Robustness and Uncertainty},
  author={Hendrycks, Dan and Mu, Norman and Cubuk, Ekin D. and Zoph, Barret and Gilmer, Justin and Lakshminarayanan, Balaji},
  journal={Proceedings of the International Conference on Learning Representations (ICLR)},
  year={2020}
}
@article{Zhang2018DeepML,
  title={Deep Mutual Learning},
  author={Y. Zhang and Tao Xiang and Timothy M. Hospedales and H. Lu},
  journal={2018 IEEE/CVF Conference on Computer Vision and Pattern Recognition},
  year={2018},
  pages={4320-4328}
}
@article{Shen2018ContinuousD,
  title={Continuous Dropout},
  author={Xu Shen and X. Tian and Tongliang Liu and Fang Xu and D. Tao},
  journal={IEEE Transactions on Neural Networks and Learning Systems},
  year={2018},
  volume={29},
  pages={3926-3937}
}
@article{Pereyra2017RegularizingNN,
  title={Regularizing Neural Networks by Penalizing Confident Output Distributions},
  author={Gabriel Pereyra and G. Tucker and J. Chorowski and Lukasz Kaiser and Geoffrey E. Hinton},
  journal={ArXiv},
  year={2017},
  volume={abs/1701.06548}
}
@inproceedings{Loshchilov2019DecoupledWD,
  title={Decoupled Weight Decay Regularization},
  author={Ilya Loshchilov and F. Hutter},
  booktitle={ICLR},
  year={2019}
}
@article{Zeiler2012ADADELTAAA,
  title={ADADELTA: An Adaptive Learning Rate Method},
  author={Matthew D. Zeiler},
  journal={ArXiv},
  year={2012},
  volume={abs/1212.5701}
}
@article{Foret2020SharpnessAwareMF,
  title={Sharpness-Aware Minimization for Efficiently Improving Generalization},
  author={Pierre Foret and Ariel Kleiner and H. Mobahi and Behnam Neyshabur},
  journal={ArXiv},
  year={2020},
  volume={abs/2010.01412}
}
@article{Zhai2021ScalingVT,
  title={Scaling Vision Transformers},
  author={Xiaohua Zhai and Alexander Kolesnikov and N. Houlsby and Lucas Beyer},
  journal={ArXiv},
  year={2021},
  volume={abs/2106.04560}
}
@article{Pham2020MetaPL,
  title={Meta Pseudo Labels},
  author={Hieu H. Pham and Qizhe Xie and Zihang Dai and Quoc V. Le},
  journal={ArXiv},
  year={2020},
  volume={abs/2003.10580}
}
@INPROCEEDINGS{bagOfTricks,
  author={He, Tong and Zhang, Zhi and Zhang, Hang and Zhang, Zhongyue and Xie, Junyuan and Li, Mu},
  booktitle={2019 IEEE/CVF Conference on Computer Vision and Pattern Recognition (CVPR)},
  title={Bag of Tricks for Image Classification with Convolutional Neural Networks},
  year={2019},
  volume={},
  number={},
  pages={558-567}}

@article{Zheng2015ScalablePR,
  title={Scalable Person Re-identification: A Benchmark},
  author={L. Zheng and L. Shen and L. Tian and S. Wang and Jingdong Wang and Q. Tian},
  journal={2015 IEEE International Conference on Computer Vision (ICCV)},
  year={2015},
  pages={1116-1124}
}

@article{Loshchilov2017SGDRSG,
  title={SGDR: Stochastic Gradient Descent with Warm Restarts},
  author={Ilya Loshchilov and F. Hutter},
  journal={arXiv: Learning},
  year={2017}
}

@book{fastai,
  author={Jeremy Howard, Sylvain Gugger},
  title={Deep Learning for Coders with fastai and PyTorch},
  publisher={O'Reilly Media, Inc.},
  year={2020}
}

@article{Zhang2018mixupBE,
  title={mixup: Beyond Empirical Risk Minimization},
  author={Hongyi Zhang and Moustapha Ciss{\'e} and Yann Dauphin and David Lopez-Paz},
  journal={ArXiv},
  year={2018},
  volume={abs/1710.09412}
}

@article{Yun2019CutMixRS,
  title={CutMix: Regularization Strategy to Train Strong Classifiers With Localizable Features},
  author={Sangdoo Yun and Dongyoon Han and Seong Joon Oh and Sanghyuk Chun and Junsuk Choe and Y. Yoo},
  journal={2019 IEEE/CVF International Conference on Computer Vision (ICCV)},
  year={2019},
  pages={6022-6031}
}

@article{Kingma2015AdamAM,
  title={Adam: A Method for Stochastic Optimization},
  author={Diederik P. Kingma and Jimmy Ba},
  journal={CoRR},
  year={2015},
  volume={abs/1412.6980}
}
@article{Zhai2019TheVT,
  title={The Visual Task Adaptation Benchmark},
  author={Xiaohua Zhai and J. Puigcerver and Alexander Kolesnikov and P. Ruyssen and Carlos Riquelme and Mario Lucic and Josip Djolonga and Andr{\'e} Susano Pinto and Maxim Neumann and A. Dosovitskiy and L. Beyer and Olivier Bachem and M. Tschannen and Marcin Michalski and O. Bousquet and S. Gelly and N. Houlsby},
  journal={ArXiv},
  year={2019},
  volume={abs/1910.04867}
}
@article{Cubuk2019AutoAugmentLA,
  title={AutoAugment: Learning Augmentation Strategies From Data},
  author={E. D. Cubuk and Barret Zoph and Dandelion Man{\'e} and Vijay Vasudevan and Quoc V. Le},
  journal={2019 IEEE/CVF Conference on Computer Vision and Pattern Recognition (CVPR)},
  year={2019},
  pages={113-123}
}
@article{Kornblith2019DoBI,
  title={Do Better ImageNet Models Transfer Better?},
  author={Simon Kornblith and Jonathon Shlens and Quoc V. Le},
  journal={2019 IEEE/CVF Conference on Computer Vision and Pattern Recognition (CVPR)},
  year={2019},
  pages={2656-2666}
}
